@article{kurtz1978strong,
  title={Strong approximation theorems for density dependent Markov chains},
  author={Kurtz, Thomas G},
  journal={Stochastic Processes and their Applications},
  volume={6},
  number={3},
  pages={223--240},
  year={1978},
  publisher={Elsevier}
}
@article{liu2012g,
	title={The ${G_t/GI/ s_t + GI}$ many-server fluid queue},
	author={Liu, Yunan and Whitt, Ward},
	journal={Queueing Systems},
	volume={71},
	number={4},
	pages={405--444},
	year={2012},
	publisher={Springer}
}
@article{mandelbaum1998strong,
	title={Strong approximations for Markovian service networks},
	author={Mandelbaum, Avi and Massey, William A and Reiman, Martin I},
	journal={Queueing Systems},
	volume={30},
	number={1-2},
	pages={149--201},
	year={1998},
	publisher={Springer}
}
@article{matula1987extremum,
	title={On an extremum problem},
	author={Matula, Joanna},
	journal={The ANZIAM Journal},
	volume={28},
	number={3},
	pages={376--392},
	year={1987},
	publisher={Cambridge University Press}
}
@article{pang2007martingale,
	title={Martingale proofs of many-server heavy-traffic limits for Markovian queues},
	author={Pang, Guodong and Talreja, Rishi and Whitt, Ward and others},
	journal={Probability Surveys},
	volume={4},
	pages={193--267},
	year={2007},
	publisher={The Institute of Mathematical Statistics and the Bernoulli Society}
}
@article{bremaud1981point,
	title={Point processes and queues: martingale dynamics},
	author={Br{\'e}maud, Pierre},
	year={1981},
	publisher={Springer-Verlag}
}
@article{aiken2002hospital,
  title={Hospital nurse staffing and patient mortality, nurse burnout, and job dissatisfaction},
  author={Aiken, Linda H and Clarke, Sean P and Sloane, Douglas M and Sochalski, Julie and Silber, Jeffrey H},
  journal={Jama},
  volume={288},
  number={16},
  pages={1987--1993},
  year={2002},
  publisher={American Medical Association}
}
@article{ahn2002optimal,
  title={Optimal control of a two-stage tandem queuing system with flexible servers},
  author={Ahn, Hyun-Soo and Duenyas, Izak and Lewis, Mark E},
  journal={Probability in the Engineering and Informational Sciences},
  volume={16},
  number={4},
  pages={453--469},
  year={2002},
  publisher={Cambridge University Press}
}